@inproceedings{federmann2012meta,
  title={{META-SHARE v2}: An Open Network of Repositories for Language Resources
      including Data and Tools},
  author={Federmann, Christian and Giannopoulou, Ioanna and Girardi, Christian and Hamon, Olivier and Mavroeidis, Dimitris and Minutoli, Salvatore and Schr{\"o}der, Marc},
  booktitle={Proceedings of the 8th International Conference on Language Resources and
      Evaluation},
  pages={3300--3303},
  year={2012}
}


@inproceedings{broeder2010data,
  title={A data category registry-and component-based metadata framework},
  author={Broeder, Daan and Kemps-Snijders, Marc and Van Uytvanck, Dieter and Windhouwer, Menzo and Withers, Peter and Wittenburg, Peter and Zinn, Claus},
  booktitle={Proceedings of the 7th International Conference on Language Resources and Evaluation},
  pages={43--47},
  year={2010}
}

@inproceedings{calzolari2012lre,
  title={{The LRE Map}. {H}armonising Community Descriptions of Resources},
  author={Calzolari, Nicoletta and Del Gratta, Riccardo and Francopoulo, Gil and Mariani, Joseph and Rubino, Francesco and Russo, Irene and Soria, Claudia},
  booktitle={Proceedings of the 8th International Conference on Language Resources and
    Evaluation},
  pages={1084--1089},
  year={2012}
}


@techreport{weibel1998dublin,
  title={The {Dublin Core} Metadata Element Set},
  author={Kunze, John and Baker, Thomas},
  type={RFC},
  institution={Internet Engineering Task Force},
  number=5013,
  year={1997}
}

@techreport{maali2014data,
    title={Data catalog vocabulary ({DCAT})},
    author={Maali, Fadi and Erickson, John and Archer, Phil},
    type={{W3C} Recommendation},
    institution={The World Wide Web Consortium},
    year={2014}
}


@inproceedings{brummer2014dataid,
  title={{DataID}: towards semantically rich metadata for complex datasets},
  author={Br{\"u}mmer, Martin and Baron, Ciro and Ermilov, Ivan and Freudenberg, Markus and Kontokostas, Dimitris and Hellmann, Sebastian},
  booktitle={Proceedings of the 10th International Conference on Semantic Systems},
  pages={84--91},
  year={2014}
}

@techreport{klyne2006resource,
  title={{RDF} 1.1 Concepts and Abstract Syntax},
  author={Klyne, Graham and Carroll, Jeremy J and McBride, Brian},
  type={{W3C} Recommendation},
  institution={The World Wide Web Consortium},
  year={2006}
}


@article{sompel2004resource,
  title={Resource harvesting within the {OAI-PMH} framework},
  author={Sompel, Herbert van de and Nelson, Michael L and Lagoze, Carl and Warner, Simeon},
  journal={D-Lib Magazine},
  volume=10,
  number=12,
  year={2004}
}

@incollection{chiarcos2012open,
  title={The {Open Linguistics Working Group} of the {Open Knowledge Foundation}},
  author={Chiarcos, Christian and Hellmann, Sebastian and Nordhoff, Sebastian},
  booktitle={Linked Data in Linguistics},
  pages={153--160},
  year={2012},
  publisher={Springer}
}
@article{NavigliPonzetto:12aij,
  author = {Roberto Navigli and Simone Paolo Ponzetto},
 title =   {{B}abel{N}et: {T}he Automatic Construction, Evaluation and Application of a Wide-Coverage Multilingual Semantic Network},
 journal = {Artificial Intelligence},
 year =    {2012},
 volume = {193},
 pages = {217-250}
}


@phdthesis{nilsson2010interoperability,
  title={From interoperability to harmonization in metadata standardization},
  author={Nilsson, Mikael},
  school={Royal Institute of Technology},
  year={2010}
}

@article{chan2006metadata,
  title={Metadata interoperability and standardization-A study of methodology, Part I},
  author={Chan, Lois Mai and Zeng, Marcia Lei},
  journal={D-Lib Magazine},
  volume={12},
  number={6},
  pages={3},
  year={2006},
  publisher={Corporation for National Research Initiatives}
}

@article{brooks2006towards,
    author={Brooks, Christopher and McCalla, Gord},
    year=2006,
    title={Towards flexible learning object metadata},
    journal={Continuing Engineering Education and Lifelong Learning},
    volume=16,
    number={1/2},
    pages={50â€“63}
}

@inproceedings{khoo2010merging,
  title={Merging metadata: a sociotechnical study of crosswalking and interoperability},
  author={Khoo, Michael and Hall, Catherine},
  booktitle={Proceedings of the 10th annual joint conference on Digital libraries},
  pages={361--364},
  year={2010},
  organization={ACM}
}

@article{nogueras2004metadata,
  title={Metadata standard interoperability: application in the geographic information domain},
  author={Nogueras-Iso, Javier and Zarazaga-Soria, F Javier and Lacasta, Javier and B{\'e}jar, Rub{\'e}n and Muro-Medrano, Pedro R},
  journal={Computers, environment and urban systems},
  volume={28},
  number={6},
  pages={611--634},
  year={2004},
  publisher={Elsevier}
}

@article{jenkins1999automatic,
  title={Automatic RDF metadata generation for resource discovery},
  author={Jenkins, Charlotte and Jackson, Mike and Burden, Peter and Wallis, Jon},
  journal={Computer Networks},
  volume={31},
  number={11},
  pages={1305--1320},
  year={1999},
  publisher={Elsevier}
}

@inproceedings{gavrilidou2012meta,
  title={The {META-SHARE} Metadata Schema for the Description of Language Resources.},
  author={Gavrilidou, Maria and Labropoulou, Penny and Desipri, Elina and Piperidis, Stelios and Papageorgiou, Harris and Monachini, Monica and Frontini, Francesca and Declerck, Thierry and Francopoulo, Gil and Arranz, Victoria and others},
  booktitle={Proceedings of the 8th International Conference on Language Resources and Evaluation},
  pages={1090--1097},
  year={2012}
}

@inproceedings{piperidis2012meta,
  title={The {META-SHARE} Language Resources Sharing Infrastructure: Principles, Challenges, Solutions.},
  author={Piperidis, Stelios},
  booktitle={Proceedings of the 8th International Conference on Language Resources and Evaluation},
  pages={36--42},
  year={2012}
}

@inproceedings{broeder2012cmdi,
  title={{CMDI}: a component metadata infrastructure},
  author={Broeder, Daan and Windhouwer, Menzo and Van Uytvanck, Dieter and Goosen, Twan and Trippel, Thorsten},
  booktitle={Describing LRs with metadata: towards flexibility and interoperability in the documentation of LR workshop programme},
  pages={1},
  year={2012}
}


@inproceedings{moro2014multilingual,
  title={Multilingual Word Sense Disambiguation and Entity Linking for Everybody},
  author={Moro, Andrea and Cecconi, Francesco and Navigli, Roberto},
  booktitle={Proceedings of the 13th International Conference on Semantic Web},
  year={2014}
}

@inproceedings{rdflicense,
	title={A Dataset of {RDF} Licenses},
	author={Rodriguez-Doncel, Victor and Villata, Serena and Gomez-Perez, Asuncion},
	booktitle={Proceedings of the 27th International Conference on Legal Knowledge and Information System},
	year={2014},
	editor={Rinke Hoekstra},
	pages={187--189}
}


@article{Moroetal:14tacl,
  author    = {Andrea Moro and
               Alessandro Raganato and
               Roberto Navigli},
  title     = {Entity Linking meets Word Sense Disambiguation: a Unified
               Approach},
  journal   = {Transactions of the Association for Computational Linguistics (TACL)},
  volume    = {2},
  year      = {2014},
  pages     = {231-244},
}



@incollection{cabrio2014these,
  title={These Are Your Rights: A Natural Language Processing Approach to
      Automated {RDF} Licenses Generation},
  author={Cabrio, Elena and Aprosio, Alessio Palmero and Villata, Serena},
  booktitle={The Semantic Web: Trends and Challenges},
  pages={255--269},
  year={2014},
  publisher={Springer}
}


@inproceedings{van2012semantic,
  title={Semantic metadata mapping in practice: the Virtual Language Observatory},
  author={Van Uytvanck, Dieter and Stehouwer, Herman and Lampen, Lari},
  booktitle={Proceedings of the 8th International Conference on Language Resources and Evaluation},
  pages={1029--1034},
  year={2012}
}

@inproceedings{mccrae2015ontology,
    title={One ontology to bind them all: The {META-SHARE} {OWL} ontology for the
        interoperability of linguistic datasets on the {Web}},
    author={John P. McCrae and Penny Labrapoulou and Jorge Gracia and Marta
        Villegas and V\'ictor Rodr\'iguez Doncel and Philipp Cimiano},
    booktitle={Proceedings of the 4th Workshop on the Multilingual Semantic
        Web},
    year=2015
}

@techreport{alexander2011describing,
    title={Describing Linked Datasets with the {VoID} Vocabulary},
    author={Keith Alexander and Richard Cyganiak and Michael Hausenblas and Jun
        Zhao},
    institution={The World Wide Web Consortium},
    year=2011,
    note={Interest Group Note}
}

@article{bird2003extending,
    title={Extending Dublin Core metadata to support the description and
        discovery of language resources},
    author={Bird, Steven and Simons, Gary},
    journal={Computers and the Humanities},
    volume={37},
    number={4},
    pages={375--388},
    year={2003},
    publisher={Springer}
}

@inproceedings{choukri2012using,
  title={Using the International Standard Language Resource Number: Practical and Technical Aspects.},
  author={Choukri, Khalid and Arranz, Victoria and Hamon, Olivier and Park, Jungyeul},
  booktitle={Proceedings of the 8th International Conference on Language
      Resources and Evaluation},
  pages={50--54},
  year={2012}
}

@inproceedings{tohyama2008shachi,
  title={Shachi: A large scale metadata database of language resources},
  author={Tohyama, Hitomi and Kozawa, Shunsuke and Uchimoto, Kiyotaka and Matsubara, Shigeki and Isahara, Hitoshi},
  booktitle={Proceedings of the 1st International Conference on Global Interoperability for Language resources},
  pages={205--212},
  year={2008}
}

@article{de2013lexvo,
    title={Lexvo.org: Language-related information for the linguistic linked
        data cloud},
    author={de Melo, Gerard},
    journal={Semantic Web},
    pages={7},
    year={2013}
}

@inproceedings{mariani2014facing,
    title={Facing the Identification Problem in Language-Related Scientific Data
        Analysis},
    author={Joseph Mariani and Christopher Cieri and Gil Francopoulo and
        Patrick Paroubek and Marine Delaborde},
    booktitle={Proceedings of the 9th International Conference on Language
        Resources and Evaluation},
    year=2014,
    pages={2199--2205}
}

@techreport{seaborne2013sparql,
    title={{SPARQL} 1.1 Query Results {JSON} Format},
    author={Andy Seaborne and Kendall Grant Clark and Lee Feigenbaum and Elias
        Torres},
    type={{W3C} Recommendation},
    institution={The World Wide Web Consortium},
    year={2013}
}

@inproceedings{mccrae2015reconciling,
    title={Reconciling Heterogeneous Descriptions of Language Resources},
    author={McCrae, John P. and Cimiano, Philipp and Rodri\'guez Doncel, Victor
        and Vila-Suero, Daniel and Gracia, Jorge and Matteis, Luca and Navigli,
        Roberto and Abele, Andrejs and Vulcu, Gabriela and Buitelaar, Paul},
    booktitle={Proceedings of the 4th Workshop on Linked Data in Linguisitcs},
    year={2015}
}

@article{simons2003open,
  title={The Open Language Archives Community: An infrastructure for distributed archiving of language resources},
  author={Simons, Gary and Bird, Steven},
  journal={Literary and Linguistic Computing},
  volume={18},
  number={2},
  pages={117--128},
  year={2003},
  publisher={ALLC}
}

@misc{porter2001snowball,
  title={Snowball: A language for stemming algorithms},
  author={Porter, Martin F},
  year={2001}
}

@inproceedings{de2006generating,
  title={Generating typed dependency parses from phrase structure parses},
  author={De Marneffe, Marie-Catherine and MacCartney, Bill and Manning, Christopher D and others},
  booktitle={Proceedings of LREC},
  volume={6},
  number={2006},
  pages={449--454},
  year={2006}
}
